@book{ohno1988toyota,
  title={Toyota production system: beyond large-scale production},
  author={Ohno, Taiichi},
  year={1988},
  publisher={crc Press}
}

@article{brennan1990conversation,
  title={Conversation as direct manipulation: An iconoclastic view},
  author={Brennan, Susan E},
  year={1990},
  publisher={Addison-Wesley}
}

@inproceedings{sumita1991experiments,
  title={Experiments and prospects of example-based machine translation},
  author={Sumita, Eiichiro and Iida, Hitoshi},
  booktitle={Proceedings of the 29th annual meeting on Association for Computational Linguistics},
  pages={185--192},
  year={1991},
  organization={Association for Computational Linguistics}
}

@inproceedings{vogel1996hmm,
    title = {{HMM}-based word alignment in statistical translation},
    author = {Vogel, Stephan and Ney, Hermann and Tillmann, Christoph},
    booktitle = {Proceedings of the 16th conference on Computational linguistics-Volume 2},
    pages = {836--841},
    year = {1996},
    organization = {Association for Computational Linguistics}
}

@article{schuster1997,
    title = {Bidirectional recurrent neural networks},
    author = {Schuster, Mike and Paliwal, Kuldip K},
    journal = {IEEE Transactions on Signal Processing},
    volume = {45},
    number = {11},
    pages = {2673--2681},
    year = {1997},
    publisher = {IEEE}
}

@article{hochreiter1997long,
  title={Long short-term memory},
  author={Hochreiter, Sepp and Schmidhuber, J{\"u}rgen},
  journal={Neural computation},
  volume={9},
  number={8},
  pages={1735--1780},
  year={1997},
  publisher={MIT Press}
}

@article{langkilde1998practical,
    title = {The practical value of n-grams is in generation},
    author = {Langkilde, Irene and Knight, Kevin},
    journal = {Natural Language Generation},
    year = {1998}
}

@article{chinchor1999,
  title={1999 Named Entity Recognition Task Definition},
  author={Chinchor, Nancy and Brown, Erica and Ferro, Lisa and Robinson, Patty},
  journal={MITRE and SAIC},
  year={1999}
}

@article{chowdhury2003natural,
    author = {Chowdhury, Gobinda G},
    journal = {Annual review of information science and technology},
    number = {1},
    pages = {51--89},
    publisher = {Wiley Online Library},
    title = {Natural language processing},
    volume = {37},
    year = {2003}
}

@inproceedings{lin2003makes,
    author = {Lin, Jimmy and Quan, Dennis and Sinha, Vineet and Bakshi, Karun and Huynh, David and Katz, Boris and Karger, David R},
    booktitle = {Proceedings of the Ninth IFIP TC13 International Conference on Human-Computer Interaction (INTERACT 2003)},
    pages = {25--32},
    title = {What makes a good answer? The role of context in question answering},
    year = {2003}
}

@inproceedings{tjong2003,
  title={Introduction to the {CoNLL}-2003 shared task: Language-independent named entity recognition},
  author={Tjong Kim Sang, Erik and De Meulder, Fien},
  booktitle={Proceedings of the seventh conference on Natural language learning at HLT-NAACL 2003-Volume 4},
  pages={142--147},
  year={2003},
  organization={Association for Computational Linguistics}
}

@article{bhanot2004qcd,
    author = {Bhanot, G and Chen, D and Gara, A and Sexton, J and Vranas, P},
    journal = {arXiv preprint hep-lat/0409042},
    title = {QCD on the BlueGene/L Supercomputer},
    year = {2004}
}

@incollection{pennachin2007contemporary,
  title={Contemporary approaches to artificial general intelligence},
  author={Pennachin, Cassio and Goertzel, Ben},
  booktitle={Artificial general intelligence},
  pages={1--30},
  year={2007},
  publisher={Springer}
}

@article{high2012era,
  title={The era of cognitive systems: An inside look at {IBM Watson} and how it works},
  author={High, Rob},
  journal={IBM Corporation, Redbooks},
  year={2012}
}

@inproceedings{mikolov2013distributed,
  title={Distributed representations of words and phrases and their compositionality},
  author={Mikolov, Tomas and Sutskever, Ilya and Chen, Kai and Corrado, Greg S and Dean, Jeff},
  booktitle={Advances in neural information processing systems},
  pages={3111--3119},
  year={2013}
}

@inproceedings{henderson2014second,
  title={The second dialog state tracking challenge},
  author={Henderson, Matthew and Thomson, Blaise and Williams, Jason D},
  booktitle={Proceedings of the 15th Annual Meeting of the Special Interest Group on Discourse and Dialogue (SIGDIAL)},
  pages={263--272},
  year={2014}
}

@misc{olah2015,
    author = {Olah, Chris},
    title = {colah's blog},
    howpublished = {\url{http://colah.github.io}},
    note = {Accessed: 2018-12-10},
    year = {2005}
}

@inproceedings{pennington2014,
    title = {{GloVe}: Global vectors for word representation},
    author = {Pennington, Jeffrey and Socher, Richard and Manning, Christopher},
    booktitle = {Proceedings of the 2014 conference on empirical methods in natural language processing (EMNLP)},
    pages = {1532--1543},
    year = {2014}
}

@article{chung2014empirical,
  title={Empirical evaluation of gated recurrent neural networks on sequence modeling},
  author={Chung, Junyoung and Gulcehre, Caglar and Cho, KyungHyun and Bengio, Yoshua},
  journal={arXiv preprint arXiv:1412.3555},
  year={2014}
}

@article{mikolov2014learning,
    title = {Learning longer memory in recurrent neural networks},
    author = {Mikolov, Tomas and Joulin, Armand and Chopra, Sumit and Mathieu, Michael and Ranzato, Marc'Aurelio},
    journal = {arXiv preprint arXiv:1412.7753},
    year = {2014}
}

@article{cho2014learning,
    title = {Learning phrase representations using {RNN} encoder-decoder for statistical machine translation},
    author = {Cho, Kyunghyun and Van Merri{\"e}nboer, Bart and Gulcehre, Caglar and Bahdanau, Dzmitry and Bougares, Fethi and Schwenk, Holger and Bengio, Yoshua},
    journal = {arXiv preprint arXiv:1406.1078},
    year = {2014}
}

@article{cambria2014jumping,
  title={Jumping NLP curves: A review of natural language processing research},
  author={Cambria, Erik and White, Bebo},
  journal={IEEE Computational intelligence magazine},
  volume={9},
  number={2},
  pages={48--57},
  year={2014},
  publisher={IEEE}
}


@book{jurafsky2014speech,
  title={Speech and language processing},
  author={Jurafsky, Dan and Martin, James H},
  volume={3},
  year={2014},
  publisher={Pearson London}
}

@article{lecun2015deep,
    title = {Deep learning},
    author = {LeCun, Yann and Bengio, Yoshua and Hinton, Geoffrey},
    journal = {nature},
    volume = {521},
    number = {7553},
    pages = {436},
    year = {2015},
    publisher = {Nature Publishing Group}
}

@book{lott2015,
  title={Functional Python Programming},
  author={Lott, Steven},
  year={2015},
  publisher={Packt Publishing Ltd}
}

@inproceedings{choi2015depends,
  title={It depends: Dependency parser comparison using a web-based evaluation tool},
  author={Choi, Jinho D and Tetreault, Joel and Stent, Amanda},
  booktitle={Proceedings of the 53rd Annual Meeting of the Association for Computational Linguistics and the 7th International Joint Conference on Natural Language Processing (Volume 1: Long Papers)},
  volume={1},
  pages={387--396},
  year={2015}
}

@article{weston2015towards,
  title={Towards ai-complete question answering: A set of prerequisite toy tasks},
  author={Weston, Jason and Bordes, Antoine and Chopra, Sumit and Rush, Alexander M and van Merri{\"e}nboer, Bart and Joulin, Armand and Mikolov, Tomas},
  journal={arXiv preprint arXiv:1502.05698},
  year={2015}
}

@article{conneau2016very,
  title={Very deep convolutional networks for natural language processing},
  author={Conneau, Alexis and Schwenk, Holger and Barrault, Lo{\i}c and Lecun, Yann},
  journal={arXiv preprint},
  year={2016}
}

@article{wu2016,
    title = {Google's neural machine translation system: Bridging the gap between human and machine translation},
    author = {Wu, Yonghui and Schuster, Mike and Chen, Zhifeng and Le, Quoc V and Norouzi, Mohammad and Macherey, Wolfgang and Krikun, Maxim and Cao, Yuan and Gao, Qin and Macherey, Klaus and others},
    journal = {arXiv preprint arXiv:1609.08144},
    year = {2016}
}

@article{gibney2016google,
  title={Google {AI} algorithm masters ancient game of {Go}},
  author={Gibney, Elizabeth},
  journal={Nature News},
  volume={529},
  number={7587},
  pages={445},
  year={2016}
}

@article{jaech2016domain,
  title={Domain adaptation of recurrent neural networks for natural language understanding},
  author={Jaech, Aaron and Heck, Larry and Ostendorf, Mari},
  journal={arXiv preprint arXiv:1604.00117},
  year={2016}
}

@article{joulin2016bag,
  title={Bag of tricks for efficient text classification},
  author={Joulin, Armand and Grave, Edouard and Bojanowski, Piotr and Mikolov, Tomas},
  journal={arXiv preprint arXiv:1607.01759},
  year={2016}
}

@inproceedings{andrychowicz2016learning,
  title={Learning to learn by gradient descent by gradient descent},
  author={Andrychowicz, Marcin and Denil, Misha and Gomez, Sergio and Hoffman, Matthew W and Pfau, David and Schaul, Tom and Shillingford, Brendan and De Freitas, Nando},
  booktitle={Advances in Neural Information Processing Systems},
  pages={3981--3989},
  year={2016}
}

@inproceedings{braun2017,
    author = {Braun, Daniel and Hernandez-Mendez, Adrian and Matthes, Florian and Langen, Manfred},
    booktitle = {Proceedings of the 18th Annual {SIGdial} Meeting on Discourse and Dialogue},
    pages = {174--185},
    title = {Evaluating natural language understanding services for conversational question answering systems},
    year = {2017}
}

@article{bocklisch2017rasa,
  title={Rasa: Open source language understanding and dialogue management},
  author={Bocklisch, Tom and Faulker, Joey and Pawlowski, Nick and Nichol, Alan},
  journal={arXiv preprint arXiv:1712.05181},
  year={2017}
}

@inproceedings{yang2017end,
  title={End-to-end joint learning of natural language understanding and dialogue manager},
  author={Yang, Xuesong and Chen, Yun-Nung and Hakkani-T{\"u}r, Dilek and Crook, Paul and Li, Xiujun and Gao, Jianfeng and Deng, Li},
  booktitle={Acoustics, Speech and Signal Processing (ICASSP), 2017 IEEE International Conference on},
  pages={5690--5694},
  year={2017},
  organization={IEEE}
}


@article{finn2017model,
  title={Model-agnostic meta-learning for fast adaptation of deep networks},
  author={Finn, Chelsea and Abbeel, Pieter and Levine, Sergey},
  journal={arXiv preprint arXiv:1703.03400},
  year={2017}
}

@inproceedings{io2017chatbots,
  title={Chatbots and conversational agents: A bibliometric analysis},
  author={Io, HN and Lee, CB},
  booktitle={Industrial Engineering and Engineering Management (IEEM), 2017 IEEE International Conference on},
  pages={215--219},
  year={2017},
  organization={IEEE}
}

@misc{schneider2017ai,
    author = {Schneider, Christie},
    title = {10 reasons why {AI}-powered, automated customer service is the future},
    howpublished = {\url{https://www.ibm.com/blogs/watson/2017/10/10-reasons-ai-powered-automated-customer-service-future}},
    note = {Accessed: 2019-01-16},
    year = {2017}
}

@inproceedings{vaswani2017attention,
    title = {Attention is all you need},
    author = {Vaswani, Ashish and Shazeer, Noam and Parmar, Niki and Uszkoreit, Jakob and Jones, Llion and Gomez, Aidan N and Kaiser, { \L } ukasz and Polosukhin, Illia},
    booktitle = {Advances in Neural Information Processing Systems},
    pages = {5998--6008},
    year = {2017}
}

@misc{uszkoreit2017,
    author = {Uszkoreit, Jakob},
    title = {Transformer: A Novel Neural Network Architecture for Language Understanding},
    howpublished = {\url {https://ai.googleblog.com/2017/08/transformer-novel-neural-network.html}},
    note = {Accessed: 2018-12-10},
    year = {2017}
}

@misc{manning2017lectures,
    author = {Manning, Christopher and Socher, Richard},
    title = {Natural Language Processing with Deep Learning},
    year = {2017},
    howpublished = {Lecture Notes Stanford University School of Engineering}
}

@inproceedings{gardner2017,
    title = {{AllenNLP}: A Deep Semantic Natural Language Processing Platform},
    author = {Matt Gardner and Joel Grus and Mark Neumann and Oyvind Tafjord
 and Pradeep Dasigi and Nelson F. Liu and Matthew Peters and
 Michael Schmitz and Luke S. Zettlemoyer},
    year = {2018},
    booktitle = {ACL workshop for NLP Open Source Software}
}



@article{ma2017jointly,
    title = {Jointly Trained Sequential Labeling and Classification by Sparse Attention Neural Networks},
    author = {Ma, Mingbo and Zhao, Kai and Huang, Liang and Xiang, Bing and Zhou, Bowen},
    journal = {arXiv preprint arXiv:1709.10191},
    year = {2017}
}

@article{fitzpatrick2017delivering,
  title={Delivering cognitive behavior therapy to young adults with symptoms of depression and anxiety using a fully automated conversational agent (Woebot): a randomized controlled trial},
  author={Fitzpatrick, Kathleen Kara and Darcy, Alison and Vierhile, Molly},
  journal={JMIR mental health},
  volume={4},
  number={2},
  year={2017},
  publisher={JMIR Publications Inc.}
}

@misc{jones2017,
    author = {Jones, Llion},
    title = {Learning to Learn by Gradient Descent by Gradient Descent},
    howpublished = {\url{https://hackernoon.com/learning-to-learn-by-gradient-descent-by-gradient-descent-4da2273d64f2}},
    note = {Accessed: 2019-01-14},
    year = {2017}
}

@misc{snips2017benchmarking,
    author = {Coucke, Alice},
    title = {Benchmarking Natural Language Understanding Systems: {Google, Facebook, Microsoft, Amazon, and Snips}},
    howpublished = {\url{https://medium.com/snips-ai/2b8ddcf9fb19}},
    note = {Accessed: 2019-01-18},
    year = {2017}
}

@misc{snips2017dataset,
    author = {Coucke, Alice},
    title = {2017-06-custom-intent-engines},
    howpublished = {\url{https://github.com/snipsco/nlu-benchmark/tree/master/2017-06-custom-intent-engines}},
    note = {Commit ab53441 accessed: 2019-01-18},
    year = {2017}
}

@inproceedings{lopez2017alexa,
  title={{Alexa vs. Siri vs. Cortana vs. Google Assistant}: a comparison of speech-based natural user interfaces},
  author={L{\'o}pez, Gustavo and Quesada, Luis and Guerrero, Luis A},
  booktitle={International Conference on Applied Human Factors and Ergonomics},
  pages={241--250},
  year={2017},
  organization={Springer}
}

@inproceedings{jouppi2017,
  title={In-datacenter performance analysis of a tensor processing unit},
  author={Jouppi, Norman P and Young, Cliff and Patil, Nishant and Patterson, David and Agrawal, Gaurav and Bajwa, Raminder and Bates, Sarah and Bhatia, Suresh and Boden, Nan and Borchers, Al and others},
  booktitle={Computer Architecture (ISCA), 2017 ACM/IEEE 44th Annual International Symposium on},
  pages={1--12},
  year={2017},
  organization={IEEE}
}

@article{rajpurkar2018,
    title = {Know What You Don't Know: Unanswerable Questions for {SQuAD}},
    author = {Rajpurkar, Pranav and Jia, Robin and Liang, Percy},
    journal = {arXiv preprint arXiv:1806.03822},
    year = {2018}
}

@InProceedings{williams2018,
    title = {A Broad-Coverage Challenge Corpus for Sentence Understanding through Inference},
    author = {Williams, Adina and Nangia, Nikita and Bowman, Samuel R.},
    booktitle = {Proceedings of the 2018 Conference of the North American Chapter of the Association for Computational Linguistics: Human Language Technologies},
    year = {2018},
    publisher = {Association for Computational Linguistics},
}

@article{peters2018,
    title = {Deep contextualized word representations},
    author = {Peters, Matthew E and Neumann, Mark and Iyyer, Mohit and Gardner, Matt and Clark, Christopher and Lee, Kenton and Zettlemoyer, Luke},
    journal = {arXiv preprint arXiv:1802.05365},
    year = {2018}
}

@article{devlin2018,
    title = {{BERT}: Pre-training of deep bidirectional transformers for language understanding},
    author = {Devlin, Jacob and Chang, Ming-Wei and Lee, Kenton and Toutanova, Kristina},
    journal = {arXiv preprint arXiv:1810.04805},
    year = {2018}
}

@misc{rasa2018,
    author = {Keller, Caleb M and Bocklisch, Tom},
    title = {config\_spacy\_duckling.yml},
    howpublished = {\url{https://github.com/RasaHQ/rasa_nlu/blob/master/sample_configs/config_spacy_duckling.yml}},
    note = {Accessed: 2018-12-24},
    year = {2018}
}

@misc{dettmers2018,
    title = {{TPUs vs GPUs} for Transformers ({BERT})},
    author = {Dettmers, Tim},
    howpublished = {\url{http://timdettmers.com/2018/10/17/tpus-vs-gpus-for-transformers-bert}},
    note = {Accessed: 2018-12-27},
    year = {2018}
}

@article{burtsev2018,
  title={{DeepPavlov}: Open-Source Library for Dialogue Systems},
  author={Burtsev, Mikhail and Seliverstov, Alexander and Airapetyan, Rafael and Arkhipov, Mikhail and Baymurzina, Dilyara and Bushkov, Nickolay and Gureenkova, Olga and Khakhulin, Taras and Kuratov, Yuri and Kuznetsov, Denis and others},
  journal={Proceedings of ACL 2018, System Demonstrations},
  pages={122--127},
  year={2018}
}

@misc{bajaj2018,
    author = {Bajaj, Sourabh},
    title = {{BERT} finetuning tasks in 5 minutes with {Cloud TPU}},
    howpublished = {\url{https://colab.research.google.com/github/tensorflow/tpu/blob/master/tools/colab/bert_finetuning_with_cloud_tpus.ipynb}},
    note = {Accessed: 2018-12-27},
    year = {2018}
}

@article{otter2018survey,
  title={A Survey of the Usages of Deep Learning in Natural Language Processing},
  author={Otter, Daniel W and Medina, Julian R and Kalita, Jugal K},
  journal={arXiv preprint arXiv:1807.10854},
  year={2018}
}


@misc{wolf2018,
    title = {pytorch-pretrained-{BERT}},
    author = {Wolf, Thomas and Sanh, Victor and Chatel, Gregory and Rault, Tim},
    howpublished = {\url{https://github.com/huggingface/pytorch-pretrained-BERT}},
    note = {Accessed: 2018-12-27},
    year = {2018}
}

@article{dale2018text,
  title={Text analytics {APIs}, Part 2: The smaller players},
  author={Dale, Robert},
  journal={Natural Language Engineering},
  volume={24},
  number={5},
  pages={797--803},
  year={2018},
  publisher={Cambridge University Press}
}

@article{zhou2018design,
  title={The Design and Implementation of {XiaoIce}, an Empathetic Social Chatbot},
  author={Zhou, Li and Gao, Jianfeng and Li, Di and Shum, Heung-Yeung},
  journal={arXiv preprint arXiv:1812.08989},
  year={2018}
}

@article{yu2018diverse,
  title={Diverse Few-Shot Text Classification with Multiple Metrics},
  author={Yu, Mo and Guo, Xiaoxiao and Yi, Jinfeng and Chang, Shiyu and Potdar, Saloni and Cheng, Yu and Tesauro, Gerald and Wang, Haoyu and Zhou, Bowen},
  journal={arXiv preprint arXiv:1805.07513},
  year={2018}
}

@misc{warden2018,
    title = {Why you need to improve your training data, and how to do it},
    author = {Warden, Peter},
    howpublished = {\url{https://petewarden.com/2018/05/28/why-you-need-to-improve-your-training-data-and-how-to-do-it}},
    note = {Accessed: 2019-01-12},
    year = {2018}
}

@article{young2018recent,
  title={Recent trends in deep learning based natural language processing},
  author={Young, Tom and Hazarika, Devamanyu and Poria, Soujanya and Cambria, Erik},
  journal={ieee Computational intelligenCe magazine},
  volume={13},
  number={3},
  pages={55--75},
  year={2018},
  publisher={IEEE}
}

@misc{kumar2018,
    author = {Kumar, Sudalairaj},
    title = {A look at different embeddings.!},
    howpublished = {\url{https://www.kaggle.com/sudalairajkumar/a-look-at-different-embeddings/notebook}},
    note = {Accessed: 2018-11-11},
    year = {2018}
}

@article{vanschoren2018meta,
  title={Meta-learning: A survey},
  author={Vanschoren, Joaquin},
  journal={arXiv preprint arXiv:1810.03548},
  year={2018}
}

@article{nichol2018reptile,
  title={Reptile: a Scalable Metalearning Algorithm},
  author={Nichol, Alex and Schulman, John},
  journal={arXiv preprint arXiv:1803.02999},
  year={2018}
}

@article{subramanian2018learning,
  title={Learning general purpose distributed sentence representations via large scale multi-task learning},
  author={Subramanian, Sandeep and Trischler, Adam and Bengio, Yoshua and Pal, Christopher J},
  journal={arXiv preprint arXiv:1804.00079},
  year={2018}
}

@article{cer2018universal,
  title={Universal sentence encoder},
  author={Cer, Daniel and Yang, Yinfei and Kong, Sheng-yi and Hua, Nan and Limtiaco, Nicole and John, Rhomni St and Constant, Noah and Guajardo-Cespedes, Mario and Yuan, Steve and Tar, Chris and others},
  journal={arXiv preprint arXiv:1803.11175},
  year={2018}
}

@misc{wiese2018,
    author = {Wiese, Georg},
    title = {Enhancing Intent Classification with the Universal Sentence Encoder},
    howpublished = {\url{https://scalableminds.com/blog/MachineLearning/2018/08/rasa-universal-sentence-encoder}},
    note = {Accessed: 2018-12-03},
    year = {2018}
}

@misc{botfuel2018benchmark,
    author = {Trong Canh, Nguyen},
    title = {Benchmarking Intent Classification services — June 2018},
    howpublished = {\url{https://medium.com/botfuel/eb8684a1e55f}},
    note = {Accessed: 2019-01-18},
    year = {2018}
}

@inproceedings{kiela2018dynamic,
  title={Dynamic Meta-Embeddings for Improved Sentence Representations},
  author={Kiela, Douwe and Wang, Changhan and Cho, Kyunghyun},
  booktitle={Proceedings of the 2018 Conference on Empirical Methods in Natural Language Processing},
  pages={1466--1477},
  year={2018}
}

@article{zhang2018joint,
  title={Joint Slot Filling and Intent Detection via Capsule Neural Networks},
  author={Zhang, Chenwei and Li, Yaliang and Du, Nan and Fan, Wei and Yu, Philip S},
  journal={arXiv preprint arXiv:1812.09471},
  year={2018}
}

@misc{waymo2018,
    author = {Waymo},
    title = {Waymo Safety Report},
    howpublished = {\url{https://waymo.com/safety}},
    note = {Accessed: 2019-01-16},
    year = {2018}
}

@article{leviathan2018google,
  title={Google {Duplex}: An {AI} System for Accomplishing Real World Tasks Over the Phone},
  author={Leviathan, Yanviv and Matias, Yossi},
  journal={Google AI Blog},
  year={2018}
}

@misc{ibm2018autodesk,
    author = {IBM},
    title = {Autodesk Inc.},
    howpublished = {\url{https://www.ibm.com/case-studies/autodesk-inc}},
    note = {Accessed: 2019-01-16},
    year = {2018}
}

@misc{google2019dialogflow,
    author = {Google},
    title = {Dialogflow},
    howpublished = {\url{https://dialogflow.com}},
    year = {2019}
}

@misc{microsoft2019luis,
    author = {Microsoft},
    title = {Language Understanding ({LUIS})},
    howpublished = {\url{https://www.luis.ai}},
    year = {2019}
}

@misc{amazon2019lex,
    author = {Amazon Lex},
    title = {Build conversational bots},
    howpublished = {\url{https://aws.amazon.com/lex}},
    year = {2019}
}

@misc{sap2019conversational,
    author = {SAP Conversational AI},
    title = {Build great bots in minutes},
    howpublished = {\url{https://cai.tools.sap}},
    year = {2019}
}

@misc{ibm2019assistant,
    author = {IBM Watson Assistant},
    title = {Improve customer and employee experiences with AI},
    howpublished = {\url{https://www.ibm.com/cloud/watson-assistant}},
    year = {2019}
}

@misc{facebook2019wit,
    author = {Wit.ai},
    title = {Natural Language for Developers},
    howpublished = {\url{https://wit.ai}},
    year = {2019}
}

@misc{botfuel2019,
    author = {Botfuel.io},
    title = {Build enterprise grade chatbots fueled by conversational AI},
    howpublished = {\url{https://www.botfuel.io}},
    year = {2019}
}

@misc{snips2019voice,
    author = {SNIPS},
    title = {Using Voice to Make Technology Disappear},
    howpublished = {\url{https://snips.ai}},
    year = {2018}
}

@misc{rajpurkar2019explorer,
    author = {Rajpurkar, Pranav and Jia, Robin and Liang, Percy},
    title = {The Stanford Question Answering Dataset ({SQuAD}) Explorer},
    howpublished = {\url{https://rajpurkar.github.io/SQuAD-explorer}},
    year = {2019}
}

@article{kaplan2019siri,
  title={Siri, Siri, in my hand: Who’s the fairest in the land? On the interpretations, illustrations, and implications of artificial intelligence},
  author={Kaplan, Andreas and Haenlein, Michael},
  journal={Business Horizons},
  volume={62},
  number={1},
  pages={15--25},
  year={2019},
  publisher={Elsevier}
}

@misc{spacy2019models,
    author = {spaCy},
    title = {Models Overview},
    howpublished = {\url{https://spacy.io/models}},
    note = {Accessed: 2019-01-16},
    year = {2019}
}

@misc{baymurzina2019intents,
    author = {Baymurzina, Dilyara and Lymar, Aleksey and Sorokin, Alexey},
    title = {intents\_snips.json},
    howpublished = {\url{https://github.com/deepmipt/DeepPavlov/blob/0.1.5.1/deeppavlov/configs/classifiers/intents_snips.json}},
    note = {Accessed: 2019-01-16},
    year = {2019}
}

@misc{baymurzina2019classifiers,
    author = {Baymurzina, Dilyara and Lymar, Aleksey and Trofimova, Mary and Kuratov, Yura and Bushkov, Nikolay},
    title = {classifiers.rst},
    howpublished = {\url{https://github.com/deepmipt/DeepPavlov/blob/0.1.5.1/docs/components/classifiers.rst}},
    note = {Accessed: 2019-01-16},
    year = {2019}
}
